%YAML 1.1
%TAG !u! tag:unity3d.com,2011:
--- !u!1 &177956
GameObject:
  m_ObjectHideFlags: 0
  m_PrefabParentObject: {fileID: 0}
  m_PrefabInternal: {fileID: 100100000}
  serializedVersion: 4
  m_Component:
  - 4: {fileID: 469662}
  - 114: {fileID: 11442656}
  m_Layer: 0
  m_Name: ITEM_RUSTICCOFFEETABLE
  m_TagString: Untagged
  m_Icon: {fileID: 0}
  m_NavMeshLayer: 0
  m_StaticEditorFlags: 0
  m_IsActive: 1
--- !u!1 &189834
GameObject:
  m_ObjectHideFlags: 0
  m_PrefabParentObject: {fileID: 0}
  m_PrefabInternal: {fileID: 100100000}
  serializedVersion: 4
  m_Component:
  - 4: {fileID: 452288}
  - 33: {fileID: 3367652}
  - 23: {fileID: 2343382}
  - 95: {fileID: 9598520}
  - 65: {fileID: 6583880}
  m_Layer: 0
  m_Name: untitled
  m_TagString: Untagged
  m_Icon: {fileID: 0}
  m_NavMeshLayer: 0
  m_StaticEditorFlags: 0
  m_IsActive: 1
--- !u!4 &452288
Transform:
  m_ObjectHideFlags: 1
  m_PrefabParentObject: {fileID: 0}
  m_PrefabInternal: {fileID: 100100000}
  m_GameObject: {fileID: 189834}
  m_LocalRotation: {x: 0, y: 0, z: 0, w: 1}
  m_LocalPosition: {x: 0, y: 0, z: 0}
  m_LocalScale: {x: .266409993, y: .266409993, z: .266409993}
  m_Children: []
  m_Father: {fileID: 469662}
  m_RootOrder: 0
--- !u!4 &469662
Transform:
  m_ObjectHideFlags: 1
  m_PrefabParentObject: {fileID: 0}
  m_PrefabInternal: {fileID: 100100000}
  m_GameObject: {fileID: 177956}
  m_LocalRotation: {x: -.626522601, y: .327825397, z: .327825338, w: .626522601}
  m_LocalPosition: {x: -1.153, y: .280999988, z: 1.49399996}
  m_LocalScale: {x: 1, y: 1, z: 1}
  m_Children:
  - {fileID: 452288}
  m_Father: {fileID: 0}
  m_RootOrder: 0
--- !u!23 &2343382
MeshRenderer:
  m_ObjectHideFlags: 1
  m_PrefabParentObject: {fileID: 0}
  m_PrefabInternal: {fileID: 100100000}
  m_GameObject: {fileID: 189834}
  m_Enabled: 1
  m_CastShadows: 1
  m_ReceiveShadows: 1
  m_Materials:
  - {fileID: 2100000, guid: 2741fe6177e3c411980f50812c061a2d, type: 2}
  m_SubsetIndices: 
  m_StaticBatchRoot: {fileID: 0}
  m_UseLightProbes: 1
  m_ReflectionProbeUsage: 1
  m_ProbeAnchor: {fileID: 0}
  m_ScaleInLightmap: 1
  m_PreserveUVs: 0
  m_ImportantGI: 0
  m_AutoUVMaxDistance: .5
  m_AutoUVMaxAngle: 89
  m_LightmapParameters: {fileID: 0}
  m_SortingLayerID: 0
  m_SortingOrder: 0
--- !u!33 &3367652
MeshFilter:
  m_ObjectHideFlags: 1
  m_PrefabParentObject: {fileID: 0}
  m_PrefabInternal: {fileID: 100100000}
  m_GameObject: {fileID: 189834}
  m_Mesh: {fileID: 4300008, guid: d4374ef41c0df4e68bcad4b8f9bea1e6, type: 3}
--- !u!65 &6583880
BoxCollider:
  m_ObjectHideFlags: 1
  m_PrefabParentObject: {fileID: 0}
  m_PrefabInternal: {fileID: 100100000}
  m_GameObject: {fileID: 189834}
  m_Material: {fileID: 0}
  m_IsTrigger: 0
  m_Enabled: 1
  serializedVersion: 2
  m_Size: {x: 4.67042875, y: 3.31188297, z: 1.26003528}
  m_Center: {x: -1.95975698e-08, y: 1.80791782e-09, z: -.329351604}
--- !u!95 &9598520
Animator:
  serializedVersion: 3
  m_ObjectHideFlags: 1
  m_PrefabParentObject: {fileID: 0}
  m_PrefabInternal: {fileID: 100100000}
  m_GameObject: {fileID: 189834}
  m_Enabled: 1
  m_Avatar: {fileID: 9000000, guid: d4374ef41c0df4e68bcad4b8f9bea1e6, type: 3}
  m_Controller: {fileID: 0}
  m_CullingMode: 0
  m_UpdateMode: 0
  m_ApplyRootMotion: 0
  m_LinearVelocityBlending: 0
  m_WarningMessage: 
  m_HasTransformHierarchy: 1
  m_AllowConstantClipSamplingOptimization: 1
--- !u!114 &11442656
MonoBehaviour:
  m_ObjectHideFlags: 1
  m_PrefabParentObject: {fileID: 0}
  m_PrefabInternal: {fileID: 100100000}
  m_GameObject: {fileID: 177956}
  m_Enabled: 1
  m_EditorHideFlags: 0
  m_Script: {fileID: 11500000, guid: 2f6f144d3b826244ebce1a5b1725a274, type: 3}
  m_Name: 
  m_EditorClassIdentifier: 
  displayName: Rustic Coffee Table
  description: A low table made from rough-cut lumber slats.
  baseValue: 30
  fixedPosition: 0
--- !u!1001 &100100000
Prefab:
  m_ObjectHideFlags: 1
  serializedVersion: 2
  m_Modification:
    m_TransformParent: {fileID: 0}
    m_Modifications:
    - target: {fileID: 0}
      propertyPath: description
      value: A heavily used coffee table. Some people appreciated the weathered look.
      objectReference: {fileID: 0}
    - target: {fileID: 0}
      propertyPath: baseValue
      value: 63
      objectReference: {fileID: 0}
    m_RemovedComponents: []
  m_ParentPrefab: {fileID: 0}
  m_RootGameObject: {fileID: 177956}
  m_IsPrefabParent: 1
