%YAML 1.1
%TAG !u! tag:unity3d.com,2011:
--- !u!1 &102966
GameObject:
  m_ObjectHideFlags: 0
  m_PrefabParentObject: {fileID: 0}
  m_PrefabInternal: {fileID: 100100000}
  serializedVersion: 4
  m_Component:
  - 4: {fileID: 443826}
  - 33: {fileID: 3338408}
  - 23: {fileID: 2379990}
  - 95: {fileID: 9528348}
  - 64: {fileID: 6450108}
  m_Layer: 0
  m_Name: quarts (1)
  m_TagString: Untagged
  m_Icon: {fileID: 0}
  m_NavMeshLayer: 0
  m_StaticEditorFlags: 0
  m_IsActive: 1
--- !u!1 &109280
GameObject:
  m_ObjectHideFlags: 0
  m_PrefabParentObject: {fileID: 0}
  m_PrefabInternal: {fileID: 100100000}
  serializedVersion: 4
  m_Component:
  - 4: {fileID: 413664}
  - 114: {fileID: 11455134}
  m_Layer: 0
  m_Name: ITEM_FOOLSGOLD
  m_TagString: Untagged
  m_Icon: {fileID: 0}
  m_NavMeshLayer: 0
  m_StaticEditorFlags: 0
  m_IsActive: 1
--- !u!4 &413664
Transform:
  m_ObjectHideFlags: 1
  m_PrefabParentObject: {fileID: 0}
  m_PrefabInternal: {fileID: 100100000}
  m_GameObject: {fileID: 109280}
  m_LocalRotation: {x: -.233037308, y: .667603016, z: .667602777, w: .233037248}
  m_LocalPosition: {x: -84.2126999, y: .549099982, z: -94.7741013}
  m_LocalScale: {x: 1, y: 1, z: 1}
  m_Children:
  - {fileID: 443826}
  m_Father: {fileID: 0}
  m_RootOrder: 0
--- !u!4 &443826
Transform:
  m_ObjectHideFlags: 1
  m_PrefabParentObject: {fileID: 0}
  m_PrefabInternal: {fileID: 100100000}
  m_GameObject: {fileID: 102966}
  m_LocalRotation: {x: 0, y: 0, z: 0, w: 1}
  m_LocalPosition: {x: .0136000002, y: -.0171000008, z: -.0153999999}
  m_LocalScale: {x: .0326278806, y: .0390454419, z: .069712542}
  m_Children: []
  m_Father: {fileID: 413664}
  m_RootOrder: 0
--- !u!23 &2379990
MeshRenderer:
  m_ObjectHideFlags: 1
  m_PrefabParentObject: {fileID: 0}
  m_PrefabInternal: {fileID: 100100000}
  m_GameObject: {fileID: 102966}
  m_Enabled: 1
  m_CastShadows: 1
  m_ReceiveShadows: 1
  m_Materials:
  - {fileID: 2100000, guid: fb5c98921f62545f19c8c3adf1892bdd, type: 2}
  m_SubsetIndices: 
  m_StaticBatchRoot: {fileID: 0}
  m_UseLightProbes: 1
  m_ReflectionProbeUsage: 1
  m_ProbeAnchor: {fileID: 0}
  m_ScaleInLightmap: 1
  m_PreserveUVs: 0
  m_ImportantGI: 0
  m_AutoUVMaxDistance: .5
  m_AutoUVMaxAngle: 89
  m_LightmapParameters: {fileID: 0}
  m_SortingLayerID: 0
  m_SortingOrder: 0
--- !u!33 &3338408
MeshFilter:
  m_ObjectHideFlags: 1
  m_PrefabParentObject: {fileID: 0}
  m_PrefabInternal: {fileID: 100100000}
  m_GameObject: {fileID: 102966}
  m_Mesh: {fileID: 4300000, guid: 5c97f4d9e59534c2781741c765d3f50e, type: 3}
--- !u!64 &6450108
MeshCollider:
  m_ObjectHideFlags: 1
  m_PrefabParentObject: {fileID: 0}
  m_PrefabInternal: {fileID: 100100000}
  m_GameObject: {fileID: 102966}
  m_Material: {fileID: 0}
  m_IsTrigger: 0
  m_Enabled: 1
  serializedVersion: 2
  m_Convex: 1
  m_Mesh: {fileID: 4300000, guid: 5c97f4d9e59534c2781741c765d3f50e, type: 3}
--- !u!95 &9528348
Animator:
  serializedVersion: 3
  m_ObjectHideFlags: 1
  m_PrefabParentObject: {fileID: 0}
  m_PrefabInternal: {fileID: 100100000}
  m_GameObject: {fileID: 102966}
  m_Enabled: 1
  m_Avatar: {fileID: 9000000, guid: 5c97f4d9e59534c2781741c765d3f50e, type: 3}
  m_Controller: {fileID: 0}
  m_CullingMode: 0
  m_UpdateMode: 0
  m_ApplyRootMotion: 0
  m_LinearVelocityBlending: 0
  m_WarningMessage: 
  m_HasTransformHierarchy: 1
  m_AllowConstantClipSamplingOptimization: 1
--- !u!114 &11455134
MonoBehaviour:
  m_ObjectHideFlags: 1
  m_PrefabParentObject: {fileID: 0}
  m_PrefabInternal: {fileID: 100100000}
  m_GameObject: {fileID: 109280}
  m_Enabled: 1
  m_EditorHideFlags: 0
  m_Script: {fileID: 11500000, guid: 2f6f144d3b826244ebce1a5b1725a274, type: 3}
  m_Name: 
  m_EditorClassIdentifier: 
  displayName: Large Fool's Gold Crystal
  description: Iron Pyrite that often forms in quartz deposits and can easily be mistaken
    for gold, especially when found in small flakes in river sediment.
  baseValue: 34
  fixedPosition: 0
--- !u!1001 &100100000
Prefab:
  m_ObjectHideFlags: 1
  serializedVersion: 2
  m_Modification:
    m_TransformParent: {fileID: 0}
    m_Modifications: []
    m_RemovedComponents: []
  m_ParentPrefab: {fileID: 0}
  m_RootGameObject: {fileID: 109280}
  m_IsPrefabParent: 1
